<?xml version="1.0" encoding="UTF-8"?><collection xmlns="http://www.loc.gov/MARC21/slim"><record><leader>00339nam--2200121-i-4500</leader><controlfield tag="001">000030897</controlfield><controlfield tag="002">20161230</controlfield><controlfield tag="005">20161230201038</controlfield><controlfield tag="008">060222s1000------------r-----000-0-eng-d</controlfield><datafield ind1=" " ind2=" " tag="245"><subfield code="a">Mathematical physics monographs series. nr.19: foundations of quantum physcis</subfield></datafield><datafield ind1=" " ind2=" " tag="260"><subfield code="a">London, W.A.Benjamin, Inc., 1976</subfield></datafield><datafield ind1=" " ind2=" " tag="700"><subfield code="a">Piron, C</subfield></datafield><datafield ind1=" " ind2=" " tag="852"><subfield code="a">77626</subfield></datafield></record></collection>